
@misc{LIBRO1,
  author = {{Arques Paton José Luis}},
  title = {Ingeniería y gestión del mantenimiento en el sector ferroviario (Spanish Edition)},
  editor =	{Paperback},
  year = {2010}
}

@misc{CIAA,
  author = {{Proyecto CIAA}},
  title = {Computadora Industrial Abierta Argentina},
  url = {http://proyecto-ciaa.com.ar/devwiki/doku.php?id=start},
  note = {Disponible: 2016-06-25},
  year = {2014}
}

@MISC{CNRT,
   author =	{{CNRT}},
   title =	{Comisión Nacional de Regulación del transporte},
   url =	{https://www.cnrt.gob.ar/content/estadisticas},
   note =	{Disponible: 2018-11-27},
   year = {2018}
 }
 
 
@MISC{EN50126,
   author =	{{Asociación Española de Normalización (UNE)}},
   title =	{UNE-EN 50126-1:2018},
   url =	{https://www.une.org/encuentra-tu-norma/busca-tu-norma/norma},
   note =	{Disponible: 2018-09-12},
   year = 	{2018}
 }
 
@MISC{EN50128,
   author =	{{Asociación Española de Normalización (UNE)}},
   title =	{UNE-EN 50128:2012},
   url =	{https://www.une.org/encuentra-tu-norma/busca-tu-norma/norma},
   note =	{Disponible: 2012-03-21},
   year = 	{2012}
 }
 
@MISC{EN50129,
   author =	{{Asociación Española de Normalización (UNE)}},
   title =	{UNE-EN 50129:2005},
   url =	{https://www.une.org/encuentra-tu-norma/busca-tu-norma/norma},
   note =	{Disponible: 2005-03-16},
   year = 	{2005}
 }
 
@MISC{WIKI1,
   author =	{{Wikipedia}},
   title =	{Accidentes ferroviarios en Argentina},
   url =	{https://es.wikipedia.org},
   note =	{Disponible: 2018-11-28},
   year = 	{2018}
 }
     
@MISC{GOB1,
   author =	{{argentina.gob.ar}},
   title =	{Japón comenzará a fabricar la tecnología para el frenado automático de trenes},
   url =	{https://www.argentina.gob.ar},
   note =	{Disponible: 2017-05-19},
   year = 	{2017}
 }
 
@MISC{GICSAFE,
   author =	{{CONICET-GICSAFE}},
   title =	{Grupo de Investigación y Control para la Seguridad y Aplicaciones Ferroviarias},
   url =	{www.conicet-gicsafe.com.ar},
   note =	{Disponible: 2018-11-28},
   year = 	{2018}
}
     
@MISC{SIEMENS,
   author =	{{SIEMENS}},
   title =	{Siemens proveerá la señalización de una nueva línea ferroviaria principal en Argelia},
   url =	{http://www.aan.siemens.com},
   note =	{Disponible: 2018-11-28},
   year = 	{2011}
}

@MISC{RITO,
   author =	{{RITO}},
   title =	{Reglamento Interno Técnico Operativo},
   url =	{https://www.argentina.gob.ar/sites/default/files/rito.pdf},
   note =	{Disponible: 2018-11-28},
   year = 	{1993}
}

@MISC{FPGA,
   author =	{{Altera}},
   title =	{8 reasons to use FPGAs in IEC 61508 functional safety applications},
   editor =	{Altera},
   year = 	{2013}
}

@MISC{FIT,
   author =	{{Rufino Olay}},
   title =	{Safety Critical Applications},
   editor =	{Microsemi Industrial Business Manager},
   year = 	{2012}
}

@MISC{ESTRATEGIAS,
   author =	{{Bernardeschi}},
   title =	{SRAM-based FPGA Systems for Safety-Critical Applications},
   editor =	{Department of Information Engineering, University of Pisa, Italy}
}

@MISC{ANTECEDENTES,
   author =	{{CAF}},
   title =	{CAF en el mundo},
   url =	{http://www.caf.net/es/cafmundo.php},
   note =	{Disponible: 2018-11-28},
   year = 	{2018}
}

@MISC{REDUNDANCIA,
   author =	{{Radek Dobias, Hana Kubatova}},
   title =	{FPGA based design of the railway interlocking equipment},
   editor =	{Department of Computer Science and Engineering, Czech Technical University Prague},
   year = 	{2004}
}